@article{pages2018metodos,
    author    = {Neus Pagès-Puigdemont and M. Isabel Valverde-Merino},
    title     = {Métodos para medir la adherencia terapeútica},
    journal   = {Ars Pharm},
    volume    = {59},
    number    = {3},
    pages     = {163-172},
    year      = {2018},
    month     = {9},
    doi       = {10.30827/ars.v59i3.7387},
    url       = {http://scielo.isciii.es/scielo.php?script=sci_arttext&pid=S2340-98942018000300163&lng=es&nrm=iso},
    note      = {Epub 19-Oct-2020}
}

